@article{collura2412quantum,
  title={The quantum magic of fermionic gaussian states (2024)},
  author={Collura, M and Nardis, JD and Alba, V and Lami, G},
  journal={arXiv preprint arXiv:2412.05367}
}

@article{esquivel2011quantum,
  title={Quantum entanglement and the dissociation process of diatomic molecules},
  author={Esquivel, Rodolfo O and Flores-Gallegos, Nelson and Molina-Esp{\'\i}ritu, Moyocoyani and Plastino, AR and Angulo, Juan Carlos and Antol{\'\i}n, Juan and Dehesa, Jes{\'u}s S},
  journal={Journal of Physics B: Atomic, Molecular and Optical Physics},
  volume={44},
  number={17},
  pages={175101},
  year={2011},
  publisher={IOP Publishing}
}

@article{howard2014contextuality,
  title={Contextuality supplies the ‘magic’for quantum computation},
  author={Howard, Mark and Wallman, Joel and Veitch, Victor and Emerson, Joseph},
  journal={Nature},
  volume={510},
  number={7505},
  pages={351--355},
  year={2014},
  publisher={Nature Publishing Group UK London}
}

@article{Veitch_2014,
  title={The resource theory of stabilizer quantum computation},
  volume={16},
  ISSN={1367-2630},
  url={http://dx.doi.org/10.1088/1367-2630/16/1/013009},
  DOI={10.1088/1367-2630/16/1/013009},
  number={1},
  journal={New Journal of Physics},
  publisher={IOP Publishing},
  author={Veitch, Victor and Hamed Mousavian, S A and Gottesman, Daniel and Emerson, Joseph},
  year={2014},
  month=jan, pages={013009}
}

@article{bera2502non,
  title={Non-Stabilizerness of Sachdev-Ye-Kitaev Model (2025)},
  author={Bera, S and Schir{\`o}, M},
  journal={arXiv preprint arXiv:2502.01582}
}

@article{bettaque2024structure,
  title={The structure of the Majorana Clifford group},
  author={Bettaque, Val{\'e}rie and Swingle, Brian},
  journal={arXiv preprint arXiv:2407.11319},
  year={2024}
}

@article{veitch2012negative,
  title={Negative quasi-probability as a resource for quantum computation},
  author={Veitch, Victor and Ferrie, Christopher and Gross, David and Emerson, Joseph},
  journal={New Journal of Physics},
  volume={14},
  number={11},
  pages={113011},
  year={2012},
  publisher={IOP Publishing}
}

@article{veitch2014resource,
  title={The resource theory of stabilizer quantum computation},
  author={Veitch, Victor and Mousavian, SA Hamed and Gottesman, Daniel and Emerson, Joseph},
  journal={New Journal of Physics},
  volume={16},
  number={1},
  pages={013009},
  year={2014},
  publisher={IOP Publishing}
}

@article{mari2012positive,
  title={Positive Wigner functions render classical simulation of quantum computation efficient},
  author={Mari, Andrea and Eisert, Jens},
  journal={Physical review letters},
  volume={109},
  number={23},
  pages={230503},
  year={2012},
  publisher={APS}
}

@article{kirby2021contextual,
  title={Contextual subspace variational quantum eigensolver},
  author={Kirby, William M and Tranter, Andrew and Love, Peter J},
  journal={Quantum},
  volume={5},
  pages={456},
  year={2021},
  publisher={Verein zur F{\"o}rderung des Open Access Publizierens in den Quantenwissenschaften}
}

@article{o2022intractability,
  title={Intractability of electronic structure in a fixed basis},
  author={O’Gorman, Bryan and Irani, Sandy and Whitfield, James and Fefferman, Bill},
  journal={PRX Quantum},
  volume={3},
  number={2},
  pages={020322},
  year={2022},
  publisher={APS}
}

@article{wootters1987wigner,
  title={A Wigner-function formulation of finite-state quantum mechanics},
  author={Wootters, William K},
  journal={Annals of Physics},
  volume={176},
  number={1},
  pages={1--21},
  year={1987},
  publisher={Elsevier}
}

@article{gibbons2004discrete,
  title={Discrete phase space based on finite fields},
  author={Gibbons, Kathleen S and Hoffman, Matthew J and Wootters, William K},
  journal={Physical Review A—Atomic, Molecular, and Optical Physics},
  volume={70},
  number={6},
  pages={062101},
  year={2004},
  publisher={APS}
}

@article{sen2007net,
  title={Net Fisher information measure versus ionization potential and dipole polarizability in atoms},
  author={Sen, KD and Panos, CP and Chatzisavvas, K Ch and Moustakidis, Ch C},
  journal={Physics Letters A},
  volume={364},
  number={3-4},
  pages={286--290},
  year={2007},
  publisher={Elsevier}
}

@article{zhao2024information,
  title={Why are information-theoretic descriptors powerful predictors of atomic and molecular polarizabilities},
  author={Zhao, Yilin and Zhao, Dongbo and Liu, Shubin and Rong, Chunying and Ayers, Paul W},
  journal={Journal of Molecular Modeling},
  volume={30},
  number={11},
  pages={361},
  year={2024},
  publisher={Springer}
}

@article{leone2022stabilizer,
  title={Stabilizer r{\'e}nyi entropy},
  author={Leone, Lorenzo and Oliviero, Salvatore FE and Hamma, Alioscia},
  journal={Physical Review Letters},
  volume={128},
  number={5},
  pages={050402},
  year={2022},
  publisher={APS}
}

@article{ding2020concept,
  title={Concept of orbital entanglement and correlation in quantum chemistry},
  author={Ding, Lexin and Mardazad, Sam and Das, Sreetama and Szalay, Szil{\'a}rd and Schollwöck, Ulrich and Zimbor{\'a}s, Zolt{\'a}n and Schilling, Christian},
  journal={Journal of Chemical Theory and Computation},
  volume={17},
  number={1},
  pages={79--95},
  year={2020},
  publisher={ACS Publications}
}

@article{rissler2006measuring,
  title={Measuring orbital interaction using quantum information theory},
  author={Rissler, J{\"o}rg and Noack, Reinhard M and White, Steven R},
  journal={Chemical Physics},
  volume={323},
  number={2-3},
  pages={519--531},
  year={2006},
  publisher={Elsevier}
}

@article{golub2023mutual,
  title={Mutual information prediction for strongly correlated systems},
  author={Golub, Pavlo and Antalik, Andrej and Beran, Pavel and Brabec, Jiri},
  journal={Chemical Physics Letters},
  volume={813},
  pages={140297},
  year={2023},
  publisher={Elsevier}
}

@article{szalay2017correlation,
  title={The correlation theory of the chemical bond},
  author={Szalay, Szil{\'a}rd and Barcza, Gergely and Szilv{\'a}si, Tibor and Veis, Libor and Legeza, {\"O}rs},
  journal={Scientific Reports},
  volume={7},
  number={1},
  pages={2237},
  year={2017},
  publisher={Nature Publishing Group UK London}
}

@article{ding2025entanglement,
  title={From Entanglement to Bonds: Chemical Bonding Concepts from Quantum Information Theory},
  author={Ding, Lexin and Matito, Eduard and Schilling, Christian},
  journal={arXiv preprint arXiv:2501.15699},
  year={2025}
}

@article{glaser2024vibrational,
  title={Vibrational Entanglement through the Lens of Quantum Information Measures},
  author={Glaser, Nina and Baiardi, Alberto and Lieberherr, Annina Z and Reiher, Markus},
  journal={The Journal of Physical Chemistry Letters},
  volume={15},
  number={27},
  pages={6958--6965},
  year={2024},
  publisher={ACS Publications}
}

@article{stein2016automated,
  title={Automated selection of active orbital spaces},
  author={Stein, Christopher J and Reiher, Markus},
  journal={Journal of chemical theory and computation},
  volume={12},
  number={4},
  pages={1760--1771},
  year={2016},
  publisher={ACS Publications}
}

@article{boguslawski2015orbital,
  title={Orbital entanglement in quantum chemistry},
  author={Boguslawski, Katharina and Tecmer, Pawe{\l}},
  journal={International Journal of Quantum Chemistry},
  volume={115},
  number={19},
  pages={1289--1295},
  year={2015},
  publisher={Wiley Online Library}
}

@article{bravyi2005universal,
  title={Universal quantum computation with ideal Clifford gates and noisy ancillas},
  author={Bravyi, Sergey and Kitaev, Alexei},
  journal={Physical Review A—Atomic, Molecular, and Optical Physics},
  volume={71},
  number={2},
  pages={022316},
  year={2005},
  publisher={APS}
}

@article{howard2017application,
  title={Application of a resource theory for magic states to fault-tolerant quantum computing},
  author={Howard, Mark and Campbell, Earl},
  journal={Physical review letters},
  volume={118},
  number={9},
  pages={090501},
  year={2017},
  publisher={APS}
}

@article{heinrich2019robustness,
  title={Robustness of magic and symmetries of the stabiliser polytope},
  author={Heinrich, Markus and Gross, David},
  journal={Quantum},
  volume={3},
  pages={132},
  year={2019},
  publisher={Verein zur F{\"o}rderung des Open Access Publizierens in den Quantenwissenschaften}
}

@article{hamaguchi2024handbook,
  title={Handbook for quantifying robustness of magic},
  author={Hamaguchi, Hiroki and Hamada, Kou and Yoshioka, Nobuyuki},
  journal={Quantum},
  volume={8},
  pages={1461},
  year={2024},
  publisher={Verein zur F{\"o}rderung des Open Access Publizierens in den Quantenwissenschaften}
}

@article{graves2023electronic,
  title={The electronic structure of the hydrogen molecule: A tutorial exercise in classical and quantum computation},
  author={Graves, Vincent and S{\"u}nderhauf, Christoph and Blunt, Nick S and Izs{\'a}k, R{\'o}bert and Sz{\H{o}}ri, Mil{\'a}n},
  journal={arXiv preprint arXiv:2307.04290},
  year={2023}
}

@article{haug2023stabilizer,
  title={Stabilizer entropies and nonstabilizerness monotones},
  author={Haug, Tobias and Piroli, Lorenzo},
  journal={Quantum},
  volume={7},
  pages={1092},
  year={2023},
  publisher={Verein zur F{\"o}rderung des Open Access Publizierens in den Quantenwissenschaften}
}

@phdthesis{gottesman1997stabilizer,
  title={Stabilizer codes and quantum error correction. Caltech Ph. D},
  author={Gottesman, Daniel},
  year={1997},
  school={Thesis, eprint: quant-ph/9705052}
}

@article{gottesman1998theory,
  title={Theory of fault-tolerant quantum computation},
  author={Gottesman, Daniel},
  journal={Physical Review A},
  volume={57},
  number={1},
  pages={127},
  year={1998},
  publisher={APS}
}

@article{aaronson2004improved,
  title={Improved simulation of stabilizer circuits},
  author={Aaronson, Scott and Gottesman, Daniel},
  journal={Physical Review A—Atomic, Molecular, and Optical Physics},
  volume={70},
  number={5},
  pages={052328},
  year={2004},
  publisher={APS}
}

@article{bravyi2012magic,
  title={Magic-state distillation with low overhead},
  author={Bravyi, Sergey and Haah, Jeongwan},
  journal={Physical Review A—Atomic, Molecular, and Optical Physics},
  volume={86},
  number={5},
  pages={052329},
  year={2012},
  publisher={APS}
}

@article{oliviero2022magic,
  title={Magic-state resource theory for the ground state of the transverse-field Ising model},
  author={Oliviero, Salvatore FE and Leone, Lorenzo and Hamma, Alioscia},
  journal={Physical Review A},
  volume={106},
  number={4},
  pages={042426},
  year={2022},
  publisher={APS}
}

@article{smith2406non,
  title={Non-stabilizerness in kinetically-constrained rydberg atom arrays (2024)},
  author={Smith, R and Papic, Z and Hallam, A},
  journal={arXiv preprint arXiv:2406.14348}
}

@article{odavic2024stabilizer,
  title={Stabilizer entropy in non-integrable quantum evolutions},
  author={Odavi{\'c}, Jovan and Viscardi, Michele and Hamma, Alioscia},
  journal={arXiv preprint arXiv:2412.10228},
  year={2024}
}

@article{passarelli2024nonstabilizerness,
  title={Nonstabilizerness of permutationally invariant systems},
  author={Passarelli, Gianluca and Fazio, Rosario and Lucignano, Procolo},
  journal={Physical Review A},
  volume={110},
  number={2},
  pages={022436},
  year={2024},
  publisher={APS}
}

@article{tarabunga2311magic,
  title={Magic in generalized rokhsar-kivelson wavefunctions (2023)},
  author={Tarabunga, PS and Castelnovo, C},
  journal={arXiv preprint arXiv:2311.08463}
}

@article{tarabunga2024critical,
  title={Critical behaviors of non-stabilizerness in quantum spin chains},
  author={Tarabunga, Poetri Sonya},
  journal={Quantum},
  volume={8},
  pages={1413},
  year={2024},
  publisher={Verein zur F{\"o}rderung des Open Access Publizierens in den Quantenwissenschaften}
}

@article{goto2021chaos,
  title={Chaos by magic},
  author={Goto, Kanato and Nosaka, Tomoki and Nozaki, Masahiro},
  journal={arXiv preprint arXiv:2112.14593},
  year={2021}
}

@article{cahill1999density,
  title={Density operators for fermions},
  author={Cahill, Kevin E and Glauber, Roy J},
  journal={Physical Review A},
  volume={59},
  number={2},
  pages={1538},
  year={1999},
  publisher={APS}
}

@article{mclauchlan2022fermion,
  title={Fermion-parity-based computation and its Majorana-zero-mode implementation},
  author={McLauchlan, Campbell K and B{\'e}ri, Benjamin},
  journal={Physical Review Letters},
  volume={128},
  number={18},
  pages={180504},
  year={2022},
  publisher={APS}
}

@article{mudassar2024encoding,
  title={Encoding Majorana codes},
  author={Mudassar, Maryam and Chien, Riley W and Gottesman, Daniel},
  journal={Physical Review A},
  volume={110},
  number={3},
  pages={032430},
  year={2024},
  publisher={APS}
}

@article{collura2024quantum,
  title={The quantum magic of fermionic Gaussian states},
  author={Collura, Mario and De Nardis, Jacopo and Alba, Vincenzo and Lami, Guglielmo},
  journal={arXiv preprint arXiv:2412.05367},
  year={2024}
}

@book{fetter2012quantum,
  title={Quantum theory of many-particle systems},
  author={Fetter, Alexander L and Walecka, John Dirk},
  year={2012},
  publisher={Courier Corporation}
}

@book{szabo1996modern,
  title={Modern quantum chemistry: introduction to advanced electronic structure theory},
  author={Szabo, Attila and Ostlund, Neil S},
  year={1996},
  publisher={Courier Corporation}
}

@book{helgaker2013molecular,
  title={Molecular electronic-structure theory},
  author={Helgaker, Trygve and Jorgensen, Poul and Olsen, Jeppe},
  year={2013},
  publisher={John Wiley \& Sons}
}

@article{mcweeny1989method,
  title={Method of molecular quantum mechanics},
  author={McWeeny, Roy},
  journal={2nd edition},
  year={1989}
}

@book{cramer2013essentials,
  title={Essentials of computational chemistry: theories and models},
  author={Cramer, Christopher J},
  year={2013},
  publisher={John Wiley \& Sons}
}

@article{hehre1969self,
  title={Self-consistent molecular-orbital methods. I. Use of Gaussian expansions of Slater-type atomic orbitals},
  author={Hehre, Warren J and Stewart, Robert F and Pople, John A},
  journal={The Journal of Chemical Physics},
  volume={51},
  number={6},
  pages={2657--2664},
  year={1969},
  publisher={American Institute of Physics}
}
